<record><leader>00000cas a22000007a 4500</leader><controlfield tag="001">8801387</controlfield><controlfield tag="008">820923c19669999inudn ne      0   a0eng  </controlfield><datafield ind1=" " ind2=" " tag="010"><subfield code="a">sn 82003376 </subfield></datafield><datafield ind1=" " ind2=" " tag="040"><subfield code="a">DLC</subfield><subfield code="b">eng</subfield><subfield code="c">DLC</subfield><subfield code="d">NSD</subfield><subfield code="d">OCL</subfield><subfield code="d">NPI</subfield><subfield code="d">OCLCQ</subfield><subfield code="d">IUL</subfield><subfield code="d">CUS</subfield><subfield code="d">OCLCQ</subfield><subfield code="d">IUL</subfield><subfield code="d">OCLCF</subfield></datafield><datafield ind1=" " ind2=" " tag="012"><subfield code="m">1</subfield></datafield><datafield ind1=" " ind2=" " tag="019"><subfield code="a">8004876</subfield></datafield><datafield ind1="1" ind2=" " tag="022"><subfield code="a">0746-2034</subfield><subfield code="l">0746-2034</subfield><subfield code="2">1</subfield></datafield><datafield ind1="1" ind2=" " tag="029"><subfield code="a">AU@</subfield><subfield code="b">000040296421</subfield></datafield><datafield ind1="1" ind2=" " tag="029"><subfield code="a">NZ1</subfield><subfield code="b">16074932</subfield></datafield><datafield ind1=" " ind2=" " tag="032"><subfield code="a">297680</subfield><subfield code="b">USPS</subfield></datafield><datafield ind1=" " ind2=" " tag="037"><subfield code="b">Kokomo Tribune, 300 N. Union St., Kokomo, IN, 46901</subfield></datafield><datafield ind1=" " ind2=" " tag="042"><subfield code="a">msc</subfield><subfield code="a">nsdp</subfield></datafield><datafield ind1=" " ind2=" " tag="043"><subfield code="a">n-us-in</subfield></datafield><datafield ind1="0" ind2="0" tag="050"><subfield code="a">Newspaper 7701-X</subfield></datafield><datafield ind1=" " ind2="4" tag="082"><subfield code="a">070</subfield></datafield><datafield ind1="0" ind2=" " tag="130"><subfield code="a">Kokomo tribune (Kokomo, Ind. : 1966 : Daily)</subfield></datafield><datafield ind1=" " ind2="0" tag="222"><subfield code="a">Kokomo tribune</subfield></datafield><datafield ind1="1" ind2="4" tag="245"><subfield code="a">The Kokomo tribune.</subfield></datafield><datafield ind1=" " ind2=" " tag="260"><subfield code="3">1966-1981:</subfield><subfield code="a">Kokomo, Ind. :</subfield><subfield code="b">Kautz-Blacklidge ;</subfield><subfield code="c">1966-</subfield></datafield><datafield ind1="2" ind2=" " tag="260"><subfield code="3">1981-2000:</subfield><subfield code="a">Kokomo, Ind. :</subfield><subfield code="b">Thomson Corporation</subfield></datafield><datafield ind1="3" ind2=" " tag="260"><subfield code="3">2000-</subfield><subfield code="a">Kokomo, Ind. :</subfield><subfield code="b">CNHI</subfield></datafield><datafield ind1=" " ind2=" " tag="310"><subfield code="a">Daily (except Memorial Day, Labor Day, Christmas, New Year's)</subfield><subfield code="b">&lt;Aug. 8, 1983-&gt;</subfield></datafield><datafield ind1="0" ind2=" " tag="362"><subfield code="a">Vol. 117, no. 62 (Nov. 3, 1966)-</subfield></datafield><datafield ind1=" " ind2="0" tag="651"><subfield code="a">Kokomo (Ind.)</subfield><subfield code="v">Newspapers.</subfield></datafield><datafield ind1=" " ind2="0" tag="651"><subfield code="a">Howard County (Ind.)</subfield><subfield code="v">Newspapers.</subfield></datafield><datafield ind1=" " ind2="7" tag="655"><subfield code="a">Newspapers.</subfield><subfield code="2">fast</subfield><subfield code="0">(OCoLC)fst01423814</subfield></datafield><datafield ind1=" " ind2="7" tag="651"><subfield code="a">Indiana</subfield><subfield code="z">Howard County.</subfield><subfield code="2">fast</subfield><subfield code="0">(OCoLC)fst01217817</subfield></datafield><datafield ind1=" " ind2="7" tag="651"><subfield code="a">Indiana</subfield><subfield code="z">Kokomo.</subfield><subfield code="2">fast</subfield><subfield code="0">(OCoLC)fst01212580</subfield></datafield><datafield ind1=" " ind2=" " tag="752"><subfield code="a">United States</subfield><subfield code="b">Indiana</subfield><subfield code="c">Howard</subfield><subfield code="d">Kokomo.</subfield></datafield><datafield ind1="0" ind2="8" tag="776"><subfield code="i">Online version:</subfield><subfield code="t">Kokomo tribune (Kokomo, Ind. : 1966 : Daily : Online)</subfield><subfield code="x">0746-2034</subfield><subfield code="w">(DLC)sn 82003376</subfield><subfield code="w">(OCoLC)244293903</subfield></datafield><datafield ind1="0" ind2="0" tag="780"><subfield code="t">Kokomo tribune, the Kokomo dispatch</subfield><subfield code="w">(DLC)sn 82015312</subfield><subfield code="w">(OCoLC)8807835</subfield></datafield><datafield ind1=" " ind2=" " tag="936"><subfield code="a">Unknown</subfield><subfield code="a">Aug. 8, 1983</subfield></datafield></record>